<record><leader>00000cas a22000007a 4500</leader><controlfield tag="001">11822845</controlfield><controlfield tag="008">850319d18721900wiuwr ne      0    0eng d</controlfield><datafield ind1=" " ind2=" " tag="010"><subfield code="a">sn 85033291 </subfield></datafield><datafield ind1=" " ind2=" " tag="040"><subfield code="a">NPU</subfield><subfield code="b">eng</subfield><subfield code="c">NPU</subfield><subfield code="d">NPV</subfield><subfield code="d">DLC</subfield><subfield code="d">OCLCQ</subfield></datafield><datafield ind1=" " ind2=" " tag="042"><subfield code="a">msc</subfield></datafield><datafield ind1=" " ind2=" " tag="045"><subfield code="a">w7x0</subfield></datafield><datafield ind1="0" ind2="0" tag="050"><subfield code="a">Newspaper 10216-X</subfield></datafield><datafield ind1=" " ind2=" " tag="052"><subfield code="a">4123</subfield><subfield code="b">W5</subfield></datafield><datafield ind1="0" ind2="0" tag="245"><subfield code="a">Waukesha County Democrat.</subfield></datafield><datafield ind1="1" ind2="3" tag="246"><subfield code="a">Waukesha Democrat</subfield></datafield><datafield ind1="1" ind2="3" tag="246"><subfield code="a">Independent Democrat</subfield><subfield code="f">Jan. 2-29, 1881</subfield></datafield><datafield ind1=" " ind2=" " tag="260"><subfield code="a">Waukesha, Wis. :</subfield><subfield code="b">E.L. Spence &amp; J.A. Gaynor</subfield></datafield><datafield ind1=" " ind2=" " tag="300"><subfield code="a">v. :</subfield><subfield code="b">ill. (chiefly advertisments) ;</subfield><subfield code="c">71 cm.</subfield></datafield><datafield ind1=" " ind2=" " tag="310"><subfield code="a">Weekly</subfield></datafield><datafield ind1="1" ind2=" " tag="362"><subfield code="a">Began with Jan. 6, 1872 issue.</subfield><subfield code="z">Cf. Oehlerts, d. Guide to Wis. newspapers.</subfield></datafield><datafield ind1="1" ind2=" " tag="362"><subfield code="a">Ceased in 1900.</subfield><subfield code="z">Cf. NIM, 1973.</subfield></datafield><datafield ind1=" " ind2=" " tag="500"><subfield code="a">Title varies: Independent democrat, Jan. 8-29, 1881.</subfield></datafield><datafield ind1=" " ind2=" " tag="500"><subfield code="a">Publisher varies.</subfield></datafield><datafield ind1=" " ind2=" " tag="500"><subfield code="a">Editors: E.L. Spence &amp; J.A. Gaynor, &lt;Jan. 13, 1872&gt;-Aug. 9, 1873; E.L. Sepnce, Aug. 16, 1873-&lt;May 26, 1877&gt;; P.H. Carney, &lt;June 16, 1872&gt;-April 19, 1879; F.A. Eastman, April 26, 1879-Jan. 1, 1881; E.F. Gleason, Jan. 8-29, 1881; P.H. Carney, Feb. 5, 1881-&lt;March 31, 1894&gt;.</subfield></datafield><datafield ind1=" " ind2=" " tag="525"><subfield code="a">Supplements accompany some issues.</subfield></datafield><datafield ind1=" " ind2=" " tag="530"><subfield code="a">Also issued on microfilm from The State Historical Society of Wisconsin.</subfield></datafield><datafield ind1=" " ind2=" " tag="588"><subfield code="a">Description based on: New ser. vol. 1, no. 2 (Jan. 13, 1872).</subfield></datafield><datafield ind1=" " ind2=" " tag="752"><subfield code="a">United States</subfield><subfield code="b">Wisconsin</subfield><subfield code="c">Waukesha</subfield><subfield code="d">Waukesha.</subfield></datafield><datafield ind1="0" ind2="5" tag="780"><subfield code="t">Waukesha plaindealer</subfield><subfield code="w">(DLC)sn 85033290</subfield></datafield><datafield ind1="1" ind2=" " tag="029"><subfield code="a">AU@</subfield><subfield code="b">000025835980</subfield></datafield></record>